<?xml version='1.0' encoding='UTF-8'?>
<record xmlns="http://www.loc.gov/MARC21/slim">
  <leader>01943cam a2200385Ia 4500</leader>
  <controlfield tag="001">7010868</controlfield>
  <controlfield tag="003">NjP</controlfield>
  <controlfield tag="005">20170518135730.0</controlfield>
  <controlfield tag="008">120308q18851899ua            000 0 arard</controlfield>
  <datafield tag="024" ind1="7" ind2=" ">
    <subfield code="a">princeton_aco003070</subfield>
    <subfield code="2">local</subfield>
  </datafield>
  <datafield ind1=" " ind2=" " tag="035">
    <subfield code="a">(OCoLC)ocn779532116</subfield>
  </datafield>
  <datafield ind1=" " ind2=" " tag="040">
    <subfield code="a">AZU</subfield>
    <subfield code="c">PUL</subfield>
    <subfield code="d">OCLCQ</subfield>
    <subfield code="d">OCLCG</subfield>
    <subfield code="d">PUL</subfield>
  </datafield>
  <datafield ind1=" " ind2=" " tag="066">
    <subfield code="c">(3</subfield>
  </datafield>
  <datafield ind1=" " ind2=" " tag="035">
    <subfield code="a">(OCoLC)779532116</subfield>
  </datafield>
  <datafield ind1=" " ind2=" " tag="043">
    <subfield code="a">ma-----</subfield>
  </datafield>
  <datafield ind1=" " ind2=" " tag="079">
    <subfield code="a">ocm30653626</subfield>
  </datafield>
  <datafield ind1=" " ind2=" " tag="090">
    <subfield code="a">PN5359.Z757</subfield>
    <subfield code="b">A25 1800z</subfield>
  </datafield>
  <datafield ind1=" " ind2=" " tag="049">
    <subfield code="a">PULL</subfield>
  </datafield>
  <datafield ind1="1" ind2=" " tag="100">
    <subfield code="6">880-01</subfield>
    <subfield code="a">Isḥāq, Adīb,</subfield>
    <subfield code="d">1856-1885.</subfield>
  </datafield>
  <datafield ind1="1" ind2="0" tag="245">
    <subfield code="6">880-02</subfield>
    <subfield code="a">Muntakhabāt :</subfield>
    <subfield code="b">ḍimna arbaʻat ajzāʾ /</subfield>
    <subfield code="c">Adīb Bik Isḥāq.</subfield>
  </datafield>
  <datafield ind1=" " ind2=" " tag="250">
    <subfield code="6">880-03</subfield>
    <subfield code="a">Ṭabʻah 2.</subfield>
  </datafield>
  <datafield ind1=" " ind2=" " tag="260">
    <subfield code="6">880-04</subfield>
    <subfield code="a">al-Iskandarīyah :</subfield>
    <subfield code="b">Maṭbaʻat al-Ādāb,</subfield>
    <subfield code="c">[18--]</subfield>
  </datafield>
  <datafield ind1=" " ind2=" " tag="300">
    <subfield code="a">32, 284 p. ;</subfield>
    <subfield code="c">23 cm.</subfield>
  </datafield>
  <datafield ind1="0" ind2=" " tag="505">
    <subfield code="6">880-05</subfield>
    <subfield code="a">al-juzʾ 1. Yaḥtawī ʻalá ashʻārih al-raqīqah -- al-juzʾ 2. Yashtamil ʻalá maqālātih al-rannānah -- al-juzʾ 3. Rasāʾiluh al-balīghah -- al-juzʾ 4. Khuṭabuh fī al-jamʻīyāt allatī raʾasahā wa-fī al-muntadayāt al-khāṣṣah.</subfield>
  </datafield>
  <datafield ind1="1" ind2="0" tag="600">
    <subfield code="a">Adīb, Isḥāq,</subfield>
    <subfield code="d">1856-1885.</subfield>
  </datafield>
  <datafield ind1=" " ind2="0" tag="651">
    <subfield code="a">Arab countries</subfield>
    <subfield code="x">Social conditions.</subfield>
  </datafield>
  <datafield ind1=" " ind2="0" tag="650">
    <subfield code="a">World politics</subfield>
    <subfield code="y">19th century.</subfield>
  </datafield>
  <datafield ind1="0" ind2=" " tag="740">
    <subfield code="6">880-06</subfield>
    <subfield code="a">Muntakhabāt Adīb Bik Isḥāq.</subfield>
  </datafield>
  <datafield ind1="1" ind2=" " tag="880">
    <subfield code="6">100-01/(3/r</subfield>
    <subfield code="a">اسحاق، اديب،</subfield>
    <subfield code="d">1856-1885.</subfield>
  </datafield>
  <datafield ind1="1" ind2="0" tag="880">
    <subfield code="6">245-02/(3/r</subfield>
    <subfield code="a">منتخبات :</subfield>
    <subfield code="b">ضمن اربعة اجزاء /</subfield>
    <subfield code="c">اديب بك اسحاق.</subfield>
  </datafield>
  <datafield ind1=" " ind2=" " tag="880">
    <subfield code="6">250-03/(3/r</subfield>
    <subfield code="a">طبعة 2.</subfield>
  </datafield>
  <datafield ind1=" " ind2=" " tag="880">
    <subfield code="6">260-04/(3/r</subfield>
    <subfield code="a">الاسكندرية :</subfield>
    <subfield code="b">مطبعة الاداب،</subfield>
    <subfield code="c">[18-]</subfield>
  </datafield>
  <datafield ind1="0" ind2=" " tag="880">
    <subfield code="6">505-05/(3/r</subfield>
    <subfield code="a">الجزء 1. يحتوي على اشعاره الرقيقة الجزء 2. يشتمل على مقالاته الرنانة الجزء 3. رسائله البليغة الجزء 4. خطبه في الجمعيات التي رأسها وفي المنتديات الخاصة.</subfield>
  </datafield>
  <datafield ind1="0" ind2="1" tag="880">
    <subfield code="6">740-06/(3/r</subfield>
    <subfield code="a">منتخبات اديب بك اسحاق.</subfield>
  </datafield>
  <datafield ind1=" " ind2=" " tag="994">
    <subfield code="a">C0</subfield>
    <subfield code="b">PUL</subfield>
  </datafield>
  <datafield ind1=" " ind2=" " tag="904">
    <subfield code="a">jab</subfield>
    <subfield code="b">g</subfield>
    <subfield code="h">n</subfield>
    <subfield code="c">b</subfield>
    <subfield code="e">20120308</subfield>
  </datafield>
  <datafield ind1=" " ind2=" " tag="902">
    <subfield code="a">jab</subfield>
    <subfield code="b">m</subfield>
    <subfield code="6">a</subfield>
    <subfield code="7">m</subfield>
    <subfield code="d">v</subfield>
    <subfield code="f">1</subfield>
    <subfield code="e">20120308</subfield>
  </datafield>
  <datafield ind1="0" ind2=" " tag="852">
    <subfield code="0">6898273</subfield>
    <subfield code="b">rcppa</subfield>
    <subfield code="h">PN5359.Z757</subfield>
    <subfield code="i">A25 1800z</subfield>
  </datafield>
  <datafield ind1=" " ind2=" " tag="959">
    <subfield code="a">2012-03-08 11:54:53 -0500</subfield>
  </datafield>
</record>
